<?xml version="1.0" encoding="UTF-8"?>
<collection xmlns="http://www.loc.gov/MARC21/slim" xmlns:xsi="http://www.w3.org/2001/XMLSchema-instance" xsi:schemaLocation="http://www.loc.gov/standards/marcxml/schema/MARC21slim.xsd">
  <record xmlns="http://www.loc.gov/MARC21/slim">
    <leader>00000cam a2200000 a 4500</leader>
    <controlfield tag="001">1 </controlfield>
    <datafield tag="100" ind1="1" ind2=" ">
      <subfield code="a">Trollope, Anthony,</subfield>
      <subfield code="c">grandson of James II, King of England,</subfield>
      <subfield code="c">Prince,</subfield>
      <subfield code="d">1815-1882.</subfield>
    </datafield>
    <datafield tag="700" ind1="1" ind2=" ">
      <subfield code="a">Gjessing, S.</subfield>
      <subfield code="q">(Stein),</subfield>
      <subfield code="d">1950-</subfield>
      <subfield code="4">aut.</subfield>
    </datafield>
  </record>