
  <record xmlns="http://www.loc.gov/MARC21/slim">
    <leader>00000cam a2200000 a 4500</leader>
    <controlfield tag="001">4 </controlfield>
    <datafield tag="100" ind1="1" ind2=" ">
      <subfield code="a">Trollope, Anthony,</subfield>
      <subfield code="d">1815-1882.</subfield>
      <subfield code="e">editor</subfield>
    </datafield>
    <datafield tag="700" ind1="1" ind2=" ">
      <subfield code="a">Gjessing, S.</subfield>
      <subfield code="q">(Stein),</subfield>
      <subfield code="d">1950-</subfield>
    </datafield>
    <datafield tag="700" ind1="1" ind2=" ">
      <subfield code="a">Nygaard, Kristen,</subfield>
      <subfield code="4">edt.</subfield>
    </datafield>
  </record>
</collection>
